<?xml version="1.0"?>
<marc:records xmlns:marc="http://www.loc.gov/MARC21/slim" xmlns:xsi="http://www.w3.org/2001/XMLSchema-instance" xsi:schemaLocation="http://www.loc.gov/MARC21/slim http://www.loc.gov/standards/marcxml/schema/MARC21slim.xsd">
  <marc:record>
    <marc:leader>02350ntm a2200433Ia 4500</marc:leader>
    <marc:controlfield tag="001">9976895203503681</marc:controlfield>
    <marc:controlfield tag="005">20180817115331.0</marc:controlfield>
    <marc:controlfield tag="008">170525s1838    ii ap         000 0 bra d</marc:controlfield>
    <marc:datafield ind1=" " ind2=" " tag="035">
  <marc:subfield code="a">(OCoLC)ocn988032403</marc:subfield>
</marc:datafield>
    <marc:datafield ind1=" " ind2=" " tag="035">
  <marc:subfield code="a">(OCoLC)988032403</marc:subfield>
</marc:datafield>
    <marc:datafield ind1=" " ind2=" " tag="035">
  <marc:subfield code="a">(PU)7689520-penndb-Voyager</marc:subfield>
</marc:datafield>
    <marc:datafield ind1=" " ind2=" " tag="040">
  <marc:subfield code="a">PAU</marc:subfield>
  <marc:subfield code="b">eng</marc:subfield>
  <marc:subfield code="c">PAU</marc:subfield>
  <marc:subfield code="e">dacs</marc:subfield>
</marc:datafield>
    <marc:datafield ind1=" " ind2=" " tag="049">
  <marc:subfield code="a">PAUU</marc:subfield>
</marc:datafield>
    <marc:datafield ind1=" " ind2="9" tag="099">
  <marc:subfield code="a">Ms. Indic 31</marc:subfield>
</marc:datafield>
    <marc:datafield ind1="0" ind2="0" tag="245">
  <marc:subfield code="6">880-01</marc:subfield>
  <marc:subfield code="a">Bhojacarita,</marc:subfield>
  <marc:subfield code="f">1838.</marc:subfield>
</marc:datafield>
    <marc:datafield ind1=" " ind2=" " tag="300">
  <marc:subfield code="a">1</marc:subfield>
  <marc:subfield code="f">item (132 leaves) :</marc:subfield>
  <marc:subfield code="b">paper ;</marc:subfield>
  <marc:subfield code="c">15 x 24 cm.</marc:subfield>
</marc:datafield>
    <marc:datafield ind1=" " ind2=" " tag="500">
  <marc:subfield code="a">Title from colophon (f. 86v).</marc:subfield>
</marc:datafield>
    <marc:datafield ind1=" " ind2=" " tag="500">
  <marc:subfield code="a">Written in 12 lines per leaf.</marc:subfield>
</marc:datafield>
    <marc:datafield ind1=" " ind2=" " tag="500">
  <marc:subfield code="a">132 leaves foliated 1-25, 30-45, 47-52, 54-59, 61-91, [i-xxxxviii], lower right verso.</marc:subfield>
</marc:datafield>
    <marc:datafield ind1=" " ind2=" " tag="500">
  <marc:subfield code="a">Colophon: iti s&#x301;ri&#x304;bhojacaritah&#x323; panara&#x304;mi&#x304;vidya&#x304; sam&#x323;pu&#x304;rn&#x323;a&#x304;m&#x323; // (f. 86v).</marc:subfield>
</marc:datafield>
    <marc:datafield ind1=" " ind2=" " tag="500">
  <marc:subfield code="a">Dated sam&#x323;vat 1895 (1838) (f. 86v).</marc:subfield>
</marc:datafield>
    <marc:datafield ind1=" " ind2=" " tag="500">
  <marc:subfield code="a">Mistakes covered over in yellow or blacked out; some corrections and additions in margins; significant syllables, words, or phrases highlighted in red throughout; vertical margins marked with double red line; paintings surrounded by red border line.</marc:subfield>
</marc:datafield>
    <marc:datafield ind1=" " ind2=" " tag="500">
  <marc:subfield code="a">Codex with cloth cover.</marc:subfield>
</marc:datafield>
    <marc:datafield ind1=" " ind2=" " tag="520">
  <marc:subfield code="a">Hagiography of the Malwa king Bhoja in which he is turned into a parrot and restored by a Kashmiri ascetic. Numerous illustrations including Hindu court life, battles, erotic love, the pan&#x323;d&#x323;ita Magha, and animals.</marc:subfield>
</marc:datafield>
    <marc:datafield ind1=" " ind2=" " tag="524">
  <marc:subfield code="a">UPenn Ms. Indic 31.</marc:subfield>
</marc:datafield>
    <marc:datafield ind1=" " ind2=" " tag="546">
  <marc:subfield code="a">In Braj and Sanskrit</marc:subfield>
  <marc:subfield code="b">(Devana&#x304;gari&#x304;)</marc:subfield>
</marc:datafield>
    <marc:datafield ind1="1" ind2=" " tag="561">
  <marc:subfield code="a">Gift of an unknown donor to Penn Libraries, November 1980 (inserted notes).</marc:subfield>
</marc:datafield>
    <marc:datafield ind1=" " ind2="0" tag="650">
  <marc:subfield code="a">Kings and rulers</marc:subfield>
  <marc:subfield code="x">Religious aspects</marc:subfield>
  <marc:subfield code="x">Hinduism.</marc:subfield>
</marc:datafield>
    <marc:datafield ind1=" " ind2="0" tag="650">
  <marc:subfield code="a">Asceticism</marc:subfield>
  <marc:subfield code="x">Hinduism.</marc:subfield>
</marc:datafield>
    <marc:datafield ind1=" " ind2="0" tag="651">
  <marc:subfield code="a">Malwa (Madhya Pradesh and Rajasthan, India)</marc:subfield>
  <marc:subfield code="x">Kings and rulers.</marc:subfield>
</marc:datafield>
    <marc:datafield ind1=" " ind2="7" tag="655">
  <marc:subfield code="a">Hagiographies (works)</marc:subfield>
  <marc:subfield code="2">aat</marc:subfield>
</marc:datafield>
    <marc:datafield ind1=" " ind2="7" tag="655">
  <marc:subfield code="a">Poems.</marc:subfield>
  <marc:subfield code="2">aat</marc:subfield>
</marc:datafield>
    <marc:datafield ind1=" " ind2="7" tag="655">
  <marc:subfield code="a">Paintings (visual works)</marc:subfield>
  <marc:subfield code="2">aat</marc:subfield>
</marc:datafield>
    <marc:datafield ind1=" " ind2="0" tag="655">
  <marc:subfield code="a">Manuscripts, Braj</marc:subfield>
  <marc:subfield code="y">19th century.</marc:subfield>
</marc:datafield>
    <marc:datafield ind1=" " ind2="0" tag="655">
  <marc:subfield code="a">Manuscripts, Sanskrit</marc:subfield>
  <marc:subfield code="y">19th century.</marc:subfield>
</marc:datafield>
    <marc:datafield ind1=" " ind2="0" tag="655">
  <marc:subfield code="a">Manuscripts</marc:subfield>
  <marc:subfield code="z">India</marc:subfield>
  <marc:subfield code="y">19th century.</marc:subfield>
</marc:datafield>
    <marc:datafield ind1=" " ind2=" " tag="852">
  <marc:subfield code="b">Rare Book &amp; Manuscript Library</marc:subfield>
  <marc:subfield code="a">University of Pennsylvania</marc:subfield>
  <marc:subfield code="e">3420 Walnut Street, Philadelphia, Pennsylvania 19104-6206.</marc:subfield>
  <marc:subfield code="j">Ms. Indic 31</marc:subfield>
</marc:datafield>
    <marc:datafield ind1="0" ind2="0" tag="880">
  <marc:subfield code="6">245-01</marc:subfield>
  <marc:subfield code="a">&#x92D;&#x94B;&#x91C;&#x91A;&#x930;&#x93F;&#x924;,</marc:subfield>
  <marc:subfield code="f">&#x967;&#x96E;&#x969;&#x96E;.</marc:subfield>
</marc:datafield>
    <marc:datafield ind1=" " ind2=" " tag="994">
  <marc:subfield code="a">C0</marc:subfield>
  <marc:subfield code="b">PAU</marc:subfield>
</marc:datafield>
    <marc:holdings>
      <marc:holding>
        <marc:holding_id>22256469140003681</marc:holding_id>
        <marc:call_number>Ms. Indic 31</marc:call_number>
        <marc:library>KislakCntr</marc:library>
        <marc:location>scmss</marc:location>
      </marc:holding>
    </marc:holdings>
  </marc:record>
</marc:records>
